<?xml version="1.0" encoding="UTF-8"?><collection xmlns="http://www.loc.gov/MARC21/slim"><record><leader>00567nam--2200181-u-4500</leader><controlfield tag="001">000055300</controlfield><controlfield tag="002">20161230</controlfield><controlfield tag="005">20161230201052</controlfield><controlfield tag="008">121211s1000------------r-----000-0-fre-d</controlfield><datafield ind1=" " ind2=" " tag="040"><subfield code="a">IFIN-HH</subfield></datafield><datafield ind1=" " ind2=" " tag="041"><subfield code="a">fre</subfield></datafield><datafield ind1=" " ind2=" " tag="080"><subfield code="a">539.219.3(043)</subfield></datafield><datafield ind1="1" ind2=" " tag="100"><subfield code="a">Patin, Henri</subfield></datafield><datafield ind1="1" ind2="0" tag="245"><subfield code="a">Etude de la diffusion verticale de translation dans les liquides par emploi d'un refractometre interferentiel enregistreur application diverses</subfield><subfield code="b">These</subfield><subfield code="c">Henri patin</subfield></datafield><datafield ind1=" " ind2=" " tag="260"><subfield code="a">Marseille</subfield><subfield code="b">Universite</subfield><subfield code="c">/F.An</subfield></datafield><datafield ind1=" " ind2=" " tag="300"><subfield code="a">91P</subfield></datafield><datafield ind1=" " ind2=" " tag="852"><subfield code="a">77065</subfield><subfield code="c">539.217</subfield></datafield><datafield ind1=" " ind2=" " tag="CAT"><subfield code="a">Sys</subfield><subfield code="c">20121211</subfield><subfield code="h">101701</subfield></datafield></record></collection>